<record><leader>00000cas a2200000 a 4500</leader><controlfield tag="001">12422775</controlfield><controlfield tag="008">850824d18901922ksuwr ne      0    0eng d</controlfield><datafield ind1=" " ind2=" " tag="010"><subfield code="a">sn 85029760 </subfield></datafield><datafield ind1=" " ind2=" " tag="040"><subfield code="a">KSH</subfield><subfield code="b">eng</subfield><subfield code="c">KSH</subfield><subfield code="d">NPT</subfield><subfield code="d">OCL</subfield><subfield code="d">OCLCQ</subfield></datafield><datafield ind1=" " ind2=" " tag="042"><subfield code="a">msc</subfield></datafield><datafield ind1="0" ind2=" " tag="130"><subfield code="a">Cuba daylight (Cuba, Kan. : 1890)</subfield></datafield><datafield ind1="1" ind2="4" tag="245"><subfield code="a">The Cuba daylight.</subfield></datafield><datafield ind1=" " ind2=" " tag="260"><subfield code="a">Cuba, Kan. :</subfield><subfield code="b">Daylight Pub. Co.,</subfield><subfield code="c">1890-1922.</subfield></datafield><datafield ind1=" " ind2=" " tag="300"><subfield code="a">29 v. :</subfield><subfield code="b">ill. ;</subfield><subfield code="c">49-57 cm.</subfield></datafield><datafield ind1=" " ind2=" " tag="310"><subfield code="a">Weekly</subfield></datafield><datafield ind1="0" ind2=" " tag="362"><subfield code="a">Vol. 6, no. 9 (May 9, 1890)-v. 35, no. 34 (Dec. 29, 1922).</subfield></datafield><datafield ind1=" " ind2=" " tag="500"><subfield code="a">Publisher varies.</subfield></datafield><datafield ind1=" " ind2=" " tag="752"><subfield code="a">United States</subfield><subfield code="b">Kansas</subfield><subfield code="c">Republic</subfield><subfield code="d">Cuba.</subfield></datafield><datafield ind1="0" ind2="0" tag="780"><subfield code="t">Union-pilot</subfield><subfield code="w">(DLC)sn 85029560</subfield></datafield><datafield ind1="0" ind2="5" tag="780"><subfield code="t">Cuba advocate</subfield><subfield code="g">Oct. 11, 1901</subfield><subfield code="w">(DLC)sn 85029558</subfield></datafield><datafield ind1="0" ind2="4" tag="785"><subfield code="t">Belleville telescope and the Belleville freeman</subfield><subfield code="w">(DLC)sn 85029638</subfield></datafield><datafield ind1="1" ind2=" " tag="029"><subfield code="a">AU@</subfield><subfield code="b">000022172317</subfield></datafield></record>